<record><leader>00000cas a22000007a 4500</leader><controlfield tag="001">10174141</controlfield><controlfield tag="008">831130d18731877pauwr ne      0    0eng d</controlfield><datafield ind1=" " ind2=" " tag="010"><subfield code="a">sn 83032112 </subfield></datafield><datafield ind1=" " ind2=" " tag="040"><subfield code="a">NPU</subfield><subfield code="b">eng</subfield><subfield code="c">NPU</subfield><subfield code="d">NPX</subfield><subfield code="d">NPH</subfield><subfield code="d">OCLCQ</subfield></datafield><datafield ind1=" " ind2=" " tag="042"><subfield code="a">msc</subfield></datafield><datafield ind1="0" ind2="4" tag="245"><subfield code="a">The Hulmeville beacon.</subfield></datafield><datafield ind1=" " ind2=" " tag="260"><subfield code="a">Hulmeville, Pa. :</subfield><subfield code="b">W.P. Tilton,</subfield><subfield code="c">1873-</subfield></datafield><datafield ind1=" " ind2=" " tag="300"><subfield code="a">v. ;</subfield><subfield code="c">40 cm.</subfield></datafield><datafield ind1=" " ind2=" " tag="310"><subfield code="a">Weekly</subfield></datafield><datafield ind1="0" ind2=" " tag="362"><subfield code="a">Vol. 2, no. 18 (Jan. 2, 1873)-</subfield></datafield><datafield ind1="1" ind2=" " tag="362"><subfield code="a">Ceased in 1877.</subfield><subfield code="z">Cf. Gregory, W. Amer. newspapers.</subfield></datafield><datafield ind1=" " ind2=" " tag="500"><subfield code="a">Some supplements available.</subfield></datafield><datafield ind1=" " ind2=" " tag="500"><subfield code="a">Editor: William Tilton, &lt;1876&gt;.</subfield></datafield><datafield ind1=" " ind2=" " tag="515"><subfield code="a">Issues for &lt;Feb. 12, 1874&gt; called also &lt;whole no. 76&gt;.</subfield></datafield><datafield ind1=" " ind2=" " tag="752"><subfield code="a">United States</subfield><subfield code="b">Pennsylvania</subfield><subfield code="c">Bucks</subfield><subfield code="d">Hulmeville.</subfield></datafield><datafield ind1="0" ind2="0" tag="780"><subfield code="t">Beacon (Hulmeville, Pa.)</subfield><subfield code="w">(DLC)sn 88080864</subfield></datafield><datafield ind1="0" ind2="0" tag="785"><subfield code="t">Langhorne and Hulmeville beacon</subfield><subfield code="w">(DLC)sn 90069030</subfield></datafield><datafield ind1="1" ind2=" " tag="029"><subfield code="a">AU@</subfield><subfield code="b">000025834811</subfield></datafield></record>